@article{Anselin2012,
	Author = {Anselin, Luc and Rey, Sergio J.},
	Journal = {International Journal of Geographical Information Science},
	Month = dec,
	Number = {12},
	Pages = {2211--2226},
	Title = {{Spatial econometrics in an age of CyberGIScience}},
	Volume = {26},
	Year = {2012}}

@article{Armstrong1992,
	Author = {Armstrong, Marc P. and Densham, Paul J.},
	Journal = {Computers, Environment and Urban Systems},
	Month = nov,
	Number = {6},
	Pages = {497--513},
	Title = {{Domain decomposition for parallel processing of spatial problems}},
	Volume = {16},
	Year = {1992}}

@article{Armstrong1994,
	Author = {Armstrong, MP and Pavlik, CE and Marciano, R},
	Journal = {Computers \& Geosciences},
	Number = {2},
	Pages = {91--104},
	Title = {{Parallel Processing of Spatial Statistics}},
	Volume = {20},
	Year = {1993}}

@article{Armstrong1995,
	Author = {Armstrong, MP and Marciano, R},
	Journal = {International Journal of Geographical Information Systems},
	Number = {2},
	Pages = {169--189},
	Title = {{Massively parallel processing of spatial statistics}},
	Volume = {9},
	Year = {1995}}

@article{Armstrong1996,
	Author = {Armstrong, MP and Marciano, RJ},
	Journal = {International Journal of Geographical Information Systems},
	Number = {6},
	Pages = {713--729},
	Title = {{Local Interpolation Using a Distributed Parallel Supercomputer}},
	Volume = {10},
	Year = {1996}}

@techreport{Asanovic:2006aa,
	Author = {Asanovic, Krste and Bodik, Ras and Catanzaro, Bryan C. and Gebis, Joseph J. and Husbands, Parry and Keutzer, Kurt and Patterson, David A. and Plishker, William L. and Shalf, John and Williams, Samuel W. and Yelick, Katherine A.},
	Institution = {Eletrical Engineering and Computer Sciences University of California at Berkeley},
	Number = {UCB/EECS-2006-183},
	Title = {The Landscape of Parallel Computing Research: A View From Berkley},
	Year = {2006}}

@book{Atkins2003,
	Author = {Atkins, D.E. and on Cyberinfrastructure National Science Foundation (U.S.). Blue-Ribbon Advisory Panel},
	Publisher = {National Science Foundation},
	Title = {Revolutionizing science and engineering through cyberinfrastructure: Report of the National Science Foundation blue-ribbon advisory panel on cyberinfrastructure},
	Year = {2003}}

@misc{blelloch:1988,
	Author = {Blelloch, G.E. and Little, J.J},
	Howpublished = {MIT Artificial Intelligence Laboratory Memo 952},
	Month = {February},
	Title = {Parallel Solutions to Geometric Problems on the Scan Model of Computation},
	Year = {1988}}

@article{Clematis:2003aa,
	Author = {Clematis, A. and Mineter, M. and Marciano, R.},
	Journal = {Parallel Computing},
	Pages = {1275-1279},
	Title = {High performance computing with geographical data},
	Volume = {29},
	Year = {2003}}

@article{Crainic1997,
	Author = {Crainic, Teodor Gabriel and Toulouse, Michel and Gendreau, Michel},
	Journal = {INFORMS Journal on Computing},
	Number = {1},
	Pages = {61--72},
	Title = {{Towards a Taxonomy of Parallel Tabu Search Heuristics}},
	Volume = {9},
	Year = {1997}}

@incollection{Goodchild1993,
	Address = {New York, New York, USA},
	Author = {Goodchild, M.F.},
	Booktitle = {Environmental Modeling with GIS},
	Editor = {Goodchild, M.F. and Parks, B.O. and Steyaert, L.T.},
	Pages = {8--15},
	Publisher = {Oxford University Press},
	Title = {{The State of GIS for Environmental Problem Solving}},
	Year = {1993}}

@book{Grama:2003aa,
	Author = {Grama, Anath and Gupta, Anshul and Karypis, George and Kumar, Vipin},
	Publisher = {Addison-Wesley Publishing Company},
	Title = {Introduction to Parallel Computing},
	Year = {2003}}

@incollection{Hartigan1975,
	Address = {New York, New York, USA},
	Author = {Hartigan, John A.},
	Booktitle = {Clustering Algorithms},
	Chapter = {6},
	Edition = {1},
	Pages = {130 -- 142},
	Publisher = {Wiley},
	Title = {{Partition by Exact Optimization}},
	Year = {1975}}

@book{Healey1998,
	Address = {Bristol, P.A.},
	Editor = {Healey, R. and Dowers, S. and Gittings, B. and Mineter, M.},
	Publisher = {Taylor and Francis},
	Title = {Parallel Processing Algorithms for GIS},
	Year = {1998}}

@article{James:2009aa,
	Author = {James, Tabitha and Rego, Cesar and Glover, Fred},
	Journal = {European Journal of Operational Research},
	Month = jun,
	Number = {3},
	Pages = {810--826},
	Title = {{A cooperative parallel tabu search algorithm for the quadratic assignment problem}},
	Volume = {195},
	Year = {2009}}

@inproceedings{Puri:2014aa,
	Author = {Puri, S. and Prasad, S. K.},
	Booktitle = {28th IEEE International Parallel and Distirbuted Processing Symposium},
	Title = {Output-Sensitive Parallel Algorithms for Polygon Clipping},
	Year = {2014}}

@article{Rey2013,
	Author = {Rey, Sergio and Anselin, Luc and Pahle, Robert and Kang, Xing and Stephens, Philip},
	Journal = {International Journal of Geographical Information Science},
	Number = {5},
	Pages = {1023-1039},
	Title = {{Parallel Optimal Choropleth Map Classification in PySAL}},
	Volume = {27},
	Year = {2013}}

@article{Santos:2003aa,
	Author = {Santos, Eunice E. and Chu, Pei-Yue},
	Journal = {Journal of Mathematical Modellng and Algorithms},
	Pages = {217 - 234},
	Title = {Efficient and Optimal Parallel Algorithms for cholesky Decomposition},
	Volume = {2},
	Year = {2003}}

@article{Shook2013,
	Author = {Shook, E. and Wang, S. and Tang, W.},
	Journal = {International Journal of Geographical Information Science},
	Title = {A Communication-aware Framework for Parallel Spatially Explicit Agent-based Models},
	Year = {2013}}

@techreport{Trienekens1992,
	Author = {Trienekens, HWJM and Bruin, A},
	Title = {{Towards a taxonomy of parallel branch and bound algorithms}},
	Year = {1992}}

@article{Unwin1996,
	Author = {Unwin, David J.},
	Journal = {Progress in Human Geography},
	Number = {4},
	Pages = {540--551},
	Title = {{GIS, Spatial Analysis, and Spatial Statistics}},
	Volume = {20},
	Year = {1996}}

@article{Wang2003,
	Author = {Wang, Shaowen and Armstrong, Marc P},
	Journal = {Parallel Computing},
	Month = oct,
	Number = {10},
	Pages = {1481--1504},
	Title = {{A quadtree approach to domain decomposition for spatial interpolation in Grid computing environments}},
	Volume = {29},
	Year = {2003}}

@article{Wang2009,
	Author = {Wang, Shaowen and Armstrong, Marc P.},
	Journal = {International Journal of Geographical Information Science},
	Month = feb,
	Number = {2},
	Pages = {169--193},
	Title = {{A theoretical approach to the use of cyberinfrastructure in geographical analysis}},
	Volume = {23},
	Year = {2009}}

@article{Widener:2012aa,
	Author = {Widener, Michael J. and Crago, Neal C. and Aldstadt, Jared},
	Journal = {International Journal of Geographical Information Science},
	Number = {9},
	Pages = {1707 - 1723},
	Title = {Developing a parallel computational implementation of AMOEBA},
	Volume = {26},
	Year = {2012}}

@article{Xia:2011aa,
	Author = {Xia, Y. and Kuang, L. and Li, X.},
	Journal = {Journal of Zhejiang University-SCIENCE C},
	Number = {12},
	Pages = {990-999},
	Title = {Accelerating geospatial analysis on GPUs using CUDA},
	Volume = {12},
	Year = {2011}}

@article{Xie:2010aa,
	Author = {Xie, J. and Yang, C. and Zhou, B. and Huang, Q.},
	Journal = {Computers, Environment and Urban Systems},
	Number = {4},
	Pages = {278-290},
	Title = {High-performance computing for the simulation of dust storms},
	Volume = {34},
	Year = {2010}}

@article{Yang2008,
	Author = {Yang, Chaowei and Li, Wenwen and Xie, Jibo and Zhou, Bin},
	Journal = {International Journal of Digital Earth},
	Month = sep,
	Number = {3},
	Pages = {259--278},
	Title = {{Distributed geospatial information processing: sharing distributed geospatial resources to support Digital Earth}},
	Volume = {1},
	Year = {2008}}


@article{Yang2009,
	Author = {Yang, C. and Raskin, R.},
	Journal = {International Journal of Geographical Information Science},
	Month = may,
	Number = {5},
	Pages = {553--560},
	Title = {{Introduction to distributed geographic information processing research}},
	Volume = {23},
	Year = {2009}}


@article{Yang2010,
	Author = {Yang, Chaowei and Raskin, Robert and Goodchild, Michael and Gahegan, Mark},
	Journal = {Computers, Environment and Urban Systems},
	Month = jul,
	Number = {4},
	Pages = {264--277},
	Title = {{Geospatial Cyberinfrastructure: Past, present and future}},
	Volume = {34},
	Year = {2010}}

@article{Yang2011,
	Author = {Yang, Chaowei and Wu, Huayi and Huang, Qunying and Li, Zhenlong and Li, Jing},
	Journal = {Proceedings of the National Academy of Sciences of the United States of America},
	Month = apr,
	Number = {14},
	Pages = {5498--503},
	Title = {{Using spatial principles to optimize distributed computing for enabling the physical science discoveries.}},
	Volume = {108},
	Year = {2011}}
